
<record>
  <controlfield tag="001">1675219</controlfield>
  <datafield tag="035" ind1=" " ind2=" ">
    <subfield code="a">Abe:2004adi</subfield>
    <subfield code="9">INSPIRETeX</subfield>
  </datafield>
  <datafield tag="245" ind1=" " ind2=" ">
    <subfield code="a">Observation of B0 ---&gt; pi0 pi0</subfield>
  </datafield>
  <datafield tag="710" ind1=" " ind2=" ">
    <subfield code="g">Belle</subfield>
  </datafield>
  <datafield tag="037" ind1=" " ind2=" ">
    <subfield code="a">BELLE-CONF-0406</subfield>
  </datafield>
  <datafield tag="037" ind1=" " ind2=" ">
    <subfield code="a">ICHEP-04-11-0651</subfield>
  </datafield>
</record>